@article{helcl2017neural,
    author = {Jind{\v{r}}ich Helcl and Jind{\v{r}}ich Libovick{\'{y}}},
    title = {Neural Monkey: An Open-source Tool for Sequence Learning},
    journal = {The Prague Bulletin of Mathematical Linguistics},
    year = {2017},
    address = {Prague, Czech Republic},
    number = {107},
    pages = {5--17},
    issn = {0032-6585},
    url = {http://ufal.mff.cuni.cz/pbml/107/art-helcl-libovicky.pdf}
}

@inproceedings{snover2006study,
  title={A study of translation edit rate with targeted human annotation},
  author={Snover, Matthew and Dorr, Bonnie and Schwartz, Richard and Micciulla, Linnea and Makhoul, John},
  booktitle={Proceedings of association for machine translation in the Americas},
  volume={200},
  number={6},
  year={2006}
}

@InProceedings{sennrich2016neural,
  author    = {Sennrich, Rico  and  Haddow, Barry  and  Birch, Alexandra},
  title     = {Neural Machine Translation of Rare Words with Subword Units},
  booktitle = {Proceedings of the 54th Annual Meeting of the Association for Computational Linguistics (Volume 1: Long Papers)},
  month     = {August},
  year      = {2016},
  address   = {Berlin, Germany},
  publisher = {Association for Computational Linguistics},
  pages     = {1715--1725},
  url       = {http://www.aclweb.org/anthology/P16-1162}
}

@article{bahdanau2015neural,
  author    = {Dzmitry Bahdanau and Kyunghyun Cho and Yoshua Bengio},
  title     = {Neural Machine Translation by Jointly Learning to Align and Translate},
  journal   = {CoRR},
  volume    = {abs/1409.0473},
  year      = {2014},
  url       = {http://arxiv.org/abs/1409.0473},
  timestamp = {Wed, 01 Oct 2014 15:00:04 +0200},
  biburl    = {http://dblp.uni-trier.de/rec/bib/journals/corr/BahdanauCB14},
  bibsource = {dblp computer science bibliography, http://dblp.org}
}

@article{lu2016knowing,
  title={Knowing When to Look: {A}daptive Attention via A Visual Sentinel for Image Captioning},
  author={Lu, Jiasen and Xiong, Caiming and Parikh, Devi and Socher, Richard},
  journal={CoRR},
  year={2016},
  volume    = {abs/1612.01887},
  url       = {http://arxiv.org/abs/1612.01887},
}

@InProceedings{tu2016modeling,
  author    = {Tu, Zhaopeng  and  Lu, Zhengdong  and  Liu, Yang  and  Liu, Xiaohua  and  Li, Hang},
  title     = {Modeling Coverage for Neural Machine Translation},
  booktitle = {Proceedings of the 54th Annual Meeting of the Association for Computational Linguistics (Volume 1: Long Papers)},
  month     = {August},
  year      = {2016},
  address   = {Berlin, Germany},
  publisher = {Association for Computational Linguistics},
  pages     = {76--85},
  url       = {http://www.aclweb.org/anthology/P16-1008}
}

@InProceedings{feng2016improving,
  author    = {Feng, Shi  and  Liu, Shujie  and  Yang, Nan  and  Li, Mu  and  Zhou, Ming  and  Zhu, Kenny Q.},
  title     = {Improving Attention Modeling with Implicit Distortion and Fertility for Machine Translation},
  booktitle = {Proceedings of COLING 2016, the 26th International Conference on Computational Linguistics: Technical Papers},
  month     = {December},
  year      = {2016},
  address   = {Osaka, Japan},
  publisher = {The COLING 2016 Organizing Committee},
  pages     = {3082--3092},
  url       = {http://aclweb.org/anthology/C16-1290}
}

@article{zhang2016recurrent,
  author    = {Biao Zhang and
               Deyi Xiong and
               Jinsong Su},
  title     = {Recurrent Neural Machine Translation},
  journal   = {CoRR},
  volume    = {abs/1607.08725},
  year      = {2016},
  url       = {http://arxiv.org/abs/1607.08725},
  timestamp = {Tue, 02 Aug 2016 12:59:27 +0200},
  biburl    = {http://dblp.uni-trier.de/rec/bib/journals/corr/ZhangXS16d},
  bibsource = {dblp computer science bibliography, http://dblp.org}
}

@InProceedings{alkhouli2016alignment,
  author    = {Alkhouli, Tamer  and  Bretschner, Gabriel  and  Peter, Jan-Thorsten  and  Hethnawi, Mohammed  and  Guta, Andreas  and  Ney, Hermann},
  title     = {Alignment-Based Neural Machine Translation},
  booktitle = {Proceedings of the First Conference on Machine Translation},
  month     = {August},
  year      = {2016},
  address   = {Berlin, Germany},
  publisher = {Association for Computational Linguistics},
  pages     = {54--65},
  url       = {http://www.aclweb.org/anthology/W16-2206}
}

@article{graves2014neural,
  author    = {Alex Graves and
               Greg Wayne and
               Ivo Danihelka},
  title     = {Neural Turing Machines},
  journal   = {CoRR},
  volume    = {abs/1410.5401},
  year      = {2014},
  url       = {http://arxiv.org/abs/1410.5401},
  timestamp = {Sun, 02 Nov 2014 11:25:59 +0100},
  biburl    = {http://dblp.uni-trier.de/rec/bib/journals/corr/GravesWD14},
  bibsource = {dblp computer science bibliography, http://dblp.org}
}

@InProceedings{specia2016shared,
  author    = {Specia, Lucia  and  Frank, Stella  and  Sima'an, Khalil  and  Elliott, Desmond},
  title     = {A Shared Task on Multimodal Machine Translation and Crosslingual Image Description},
  booktitle = {Proceedings of the First Conference on Machine Translation},
  month     = {August},
  year      = {2016},
  address   = {Berlin, Germany},
  publisher = {Association for Computational Linguistics},
  pages     = {543--553},
  url       = {http://www.aclweb.org/anthology/W16-2346}
}

@article{elliott2016multi30k,
  author    = {Desmond Elliott and
               Stella Frank and
               Khalil Sima'an and
               Lucia Specia},
  title     = {Multi30K: Multilingual English-German Image Descriptions},
  journal   = {CoRR},
  volume    = {abs/1605.00459},
  year      = {2016},
  url       = {http://arxiv.org/abs/1605.00459},
  timestamp = {Wed, 01 Jun 2016 15:51:08 +0200},
  biburl    = {http://dblp.uni-trier.de/rec/bib/journals/corr/ElliottFSS16},
  bibsource = {dblp computer science bibliography, http://dblp.org}
}

@article{vinyals2015chatbot,
  author    = {Oriol Vinyals and
               Quoc V. Le},
  title     = {A Neural Conversational Model},
  journal   = {CoRR},
  volume    = {abs/1506.05869},
  year      = {2015},
  url       = {http://arxiv.org/abs/1506.05869},
  timestamp = {Wed, 01 Jul 2015 15:10:24 +0200},
  biburl    = {http://dblp.uni-trier.de/rec/bib/journals/corr/VinyalsL15},
  bibsource = {dblp computer science bibliography, http://dblp.org}
}

@InProceedings{kann2016single,
  author    = {Kann, Katharina  and  Sch\"{u}tze, Hinrich},
  title     = {Single-Model Encoder-Decoder with Explicit Morphological Representation for Reinflection},
  booktitle = {Proceedings of the 54th Annual Meeting of the Association for Computational Linguistics (Volume 2: Short Papers)},
  month     = {August},
  year      = {2016},
  address   = {Berlin, Germany},
  publisher = {Association for Computational Linguistics},
  pages     = {555--560},
  url       = {http://anthology.aclweb.org/P16-2090}
}

@InProceedings{faruqui2016morphological,
  author    = {Faruqui, Manaal  and  Tsvetkov, Yulia  and  Neubig, Graham  and  Dyer, Chris},
  title     = {Morphological Inflection Generation Using Character Sequence to Sequence Learning},
  booktitle = {Proceedings of the 2016 Conference of the North American Chapter of the Association for Computational Linguistics: Human Language Technologies},
  month     = {June},
  year      = {2016},
  address   = {San Diego, CA, USA},
  publisher = {Association for Computational Linguistics},
  pages     = {634--643},
  url       = {http://www.aclweb.org/anthology/N16-1077}
}

@inproceedings{lee2016ocr,
  author    = {Chen{-}Yu Lee and
               Simon Osindero},
  title     = {Recursive Recurrent Nets with Attention Modeling for {OCR} in the
               Wild},
  booktitle = {2016 {IEEE} Conference on Computer Vision and Pattern Recognition, {CVPR} 2016},
  publisher = {IEEE},
  month = {June},
  address = {Las Vegas, NV, USA},
  pages     = {2231--2239},
  year      = {2016},
  url       = {http://dx.doi.org/10.1109/CVPR.2016.245},
  doi       = {10.1109/CVPR.2016.245},
  timestamp = {Tue, 20 Dec 2016 13:36:12 +0100},
  biburl    = {http://dblp.uni-trier.de/rec/bib/conf/cvpr/LeeO16},
  bibsource = {dblp computer science bibliography, http://dblp.org}
}

@article{kumar2015ocr,
  author    = {Devendra Kumar Sahu and
               Mohak Sukhwani},
  title     = {Sequence to Sequence Learning for Optical Character Recognition},
  journal   = {CoRR},
  volume    = {abs/1511.04176},
  year      = {2015},
  url       = {http://arxiv.org/abs/1511.04176},
  timestamp = {Tue, 01 Dec 2015 19:22:34 +0100},
  biburl    = {http://dblp.uni-trier.de/rec/bib/journals/corr/SahuS15},
  bibsource = {dblp computer science bibliography, http://dblp.org}
}

@inproceedings{xu2015show,
   Publisher = {JMLR Workshop and Conference Proceedings},
   title={Show, Attend and Tell: {N}eural Image Caption Generation with Visual Attention},
   Author={Xu, Kelvin and Ba, Jimmy and Kiros, Ryan and Cho, Kyunghyun and Courville, Aaron and Salakhudinov, Ruslan and Zemel, Rich and Bengio, Yoshua},
   year="2015",
   Booktitle="Proceedings of the 32nd International Conference on Machine Learning (ICML-15)",
   Editor={David Blei and Francis Bach},
   pages="2048-2057",
   url="http://jmlr.org/proceedings/papers/v37/xuc15.pdf",
   address = {Lille, France},
   month = {July}
}

@InProceedings{sennrich2016wmt,
  author    = {Sennrich, Rico  and  Haddow, Barry  and  Birch, Alexandra},
  title     = {Edinburgh Neural Machine Translation Systems for {WMT} 16},
  booktitle = {Proceedings of the First Conference on Machine Translation},
  month     = {August},
  year      = {2016},
  address   = {Berlin, Germany},
  publisher = {Association for Computational Linguistics},
  pages     = {371--376},
  url       = {http://www.aclweb.org/anthology/W/W16/W16-2323}
}

@article{simonyan2014vgg,
  author    = {Karen Simonyan and
               Andrew Zisserman},
  title     = {Very Deep Convolutional Networks for Large-Scale Image Recognition},
  journal   = {CoRR},
  volume    = {abs/1409.1556},
  year      = {2014},
  url       = {http://arxiv.org/abs/1409.1556},
  timestamp = {Wed, 01 Oct 2014 15:00:05 +0200},
  biburl    = {http://dblp.uni-trier.de/rec/bib/journals/corr/SimonyanZ14a},
  bibsource = {dblp computer science bibliography, http://dblp.org}
}

@inproceedings{papineni2002bleu,
  author    = {Kishore Papineni  and  Salim Roukos  and  Todd Ward  and  Wei-Jing Zhu},
  title     = {Bleu: a Method for Automatic Evaluation of Machine Translation},
  booktitle = {Proceedings of 40th Annual Meeting of the Association for Computational Linguistics},
  month     = {July},
  year      = {2002},
  address   = {Philadelphia, Pennsylvania, USA},
  publisher = {Association for Computational Linguistics},
  pages     = {311--318},
  url       = {http://www.aclweb.org/anthology/P02-1040},
  doi       = {10.3115/1073083.1073135}
}

@inproceedings{denkowski2011meteor,
  author    = {Denkowski, Michael  and  Lavie, Alon},
  title     = {Meteor 1.3: {A}utomatic Metric for Reliable Optimization and Evaluation of Machine Translation Systems},
  booktitle = {Proceedings of the Sixth Workshop on Statistical Machine Translation},
  month     = {July},
  year      = {2011},
  address   = {Edinburgh, United Kingdom},
  publisher = {Association for Computational Linguistics},
  pages     = {85--91},
  url       = {http://www.aclweb.org/anthology/W11-2107}
}

@inproceedings{deng2009imagenet,
  title={Imagenet: {A} large-scale hierarchical image database},
  author={Deng, Jia and Dong, Wei and Socher, Richard and Li, Li-Jia and Li, Kai and Fei-Fei, Li},
  booktitle={Computer Vision and Pattern Recognition, 2009. CVPR 2009. IEEE Conference on},
  pages={248--255},
  year={2009},
  month={June},
  publisher={IEEE},
  address={Miami, FL, USA}
}

@article{kingma2015adam,
  author    = {Diederik P. Kingma and
               Jimmy Ba},
  title     = {Adam: {A} Method for Stochastic Optimization},
  journal   = {CoRR},
  volume    = {abs/1412.6980},
  year      = {2014},
  url       = {http://arxiv.org/abs/1412.6980},
  timestamp = {Thu, 01 Jan 2015 19:51:08 +0100},
  biburl    = {http://dblp.uni-trier.de/rec/bib/journals/corr/KingmaB14},
  bibsource = {dblp computer science bibliography, http://dblp.org}
}

@InProceedings{cho2014gru,
  author    = {Cho, Kyunghyun  and  van Merrienboer, Bart  and  Bahdanau, Dzmitry  and  Bengio, Yoshua},
  title     = {On the Properties of Neural Machine Translation: Encoder--Decoder Approaches},
  booktitle = {Proceedings of SSST-8, Eighth Workshop on Syntax, Semantics and Structure in Statistical Translation},
  month     = {October},
  year      = {2014},
  address   = {Doha, Qatar},
  publisher = {Association for Computational Linguistics},
  pages     = {103--111},
  url       = {http://www.aclweb.org/anthology/W14-4012}
}

@InProceedings{rush2015summarization,
  author    = {Rush, Alexander M.  and  Chopra, Sumit  and  Weston, Jason},
  title     = {A Neural Attention Model for Abstractive Sentence Summarization},
  booktitle = {Proceedings of the 2015 Conference on Empirical Methods in Natural Language Processing},
  month     = {September},
  year      = {2015},
  address   = {Lisbon, Portugal},
  publisher = {Association for Computational Linguistics},
  pages     = {379--389},
  url       = {https://aclweb.org/anthology/D/D15/D15-1044}
}

@InProceedings{marcin2016ape,
  author    = {Junczys-Dowmunt, Marcin  and  Grundkiewicz, Roman},
  title     = {Log-linear Combinations of Monolingual and Bilingual Neural Machine Translation Models for Automatic Post-Editing},
  booktitle = {Proceedings of the First Conference on Machine Translation},
  month     = {August},
  year      = {2016},
  address   = {Berlin, Germany},
  publisher = {Association for Computational Linguistics},
  pages     = {751--758},
  url       = {http://www.aclweb.org/anthology/W/W16/W16-2378}
}

@InProceedings{caglayan2016multimodality,
  author    = {Caglayan, Ozan  and  Aransa, Walid  and  Wang, Yaxing  and  Masana, Marc  and  Garc\'{i}a-Mart\'{i}nez, Mercedes  and  Bougares, Fethi  and  Barrault, Lo\"{i}c  and  van de Weijer, Joost},
  title     = {Does Multimodality Help Human and Machine for Translation and Image Captioning?},
  booktitle = {Proceedings of the First Conference on Machine Translation},
  month     = {August},
  year      = {2016},
  address   = {Berlin, Germany},
  publisher = {Association for Computational Linguistics},
  pages     = {627--633},
  url       = {http://www.aclweb.org/anthology/W16-2358}
}

@article{calixtoL2017incorporating,
  author    = {Iacer Calixto and
               Qun Liu and
               Nick Campbell},
  title     = {Incorporating Global Visual Features into Attention-Based Neural Machine
               Translation},
  journal   = {CoRR},
  volume    = {abs/1701.06521},
  year      = {2017},
  url       = {http://arxiv.org/abs/1701.06521},
}

@article{niehues2016pretranslation,
  author    = {Jan Niehues and
               Eunah Cho and
               Thanh{-}Le Ha and
               Alex Waibel},
  title     = {Pre-Translation for Neural Machine Translation},
  journal   = {CoRR},
  volume    = {abs/1610.05243},
  year      = {2016},
  url       = {http://arxiv.org/abs/1610.05243},
  timestamp = {Wed, 02 Nov 2016 09:51:26 +0100},
  biburl    = {http://dblp.uni-trier.de/rec/bib/journals/corr/NiehuesCHW16},
  bibsource = {dblp computer science bibliography, http://dblp.org}
}

@article{hochreiter1997lstm,
   author = {Hochreiter, Sepp and Schmidhuber, J\"{u}rgen},
   title = {Long Short-Term Memory},
   journal = {Neural Comput.},
   issue_date = {November 15, 1997},
   volume = {9},
   issue = {8},
   month = nov,
   year = {1997},
   issn = {0899-7667},
   pages = {1735--1780},
   numpages = {46},
   url = {http://dx.doi.org/10.1162/neco.1997.9.8.1735},
   doi = {10.1162/neco.1997.9.8.1735},
   acmid = {1246450},
   publisher = {MIT Press},
   address = {Cambridge, MA, USA},
}

@InProceedings{zoph2016multi,
  author    = {Zoph, Barret  and  Knight, Kevin},
  title     = {Multi-Source Neural Translation},
  booktitle = {Proceedings of the 2016 Conference of the North American Chapter of the Association for Computational Linguistics: Human Language Technologies},
  month     = {June},
  year      = {2016},
  address   = {San Diego, CA, USA},
  publisher = {Association for Computational Linguistics},
  pages     = {30--34},
  url       = {http://www.aclweb.org/anthology/N16-1004}
}

@InProceedings{firat2016multi,
  author    = {Firat, Orhan  and  Cho, Kyunghyun  and  Bengio, Yoshua},
  title     = {Multi-Way, Multilingual Neural Machine Translation with a Shared Attention Mechanism},
  booktitle = {Proceedings of the 2016 Conference of the North American Chapter of the Association for Computational Linguistics: Human Language Technologies},
  month     = {June},
  year      = {2016},
  address   = {San Diego, CA, USA},
  publisher = {Association for Computational Linguistics},
  pages     = {866--875},
  url       = {http://www.aclweb.org/anthology/N16-1101}
}

@misc{firat2016cgru,
	author = {Firat, Orhan and Cho, Kyunghyun},
    title = {Conditional Gated Recurrent Unit with Attention Mechanism},
    month = {May},
    day = {15},
    year = {2016},
    howpublished = {https://github.com/nyu-dl/dl4mt-tutorial/blob/master/docs/cgru.pdf},
    note = {Published online, version {\tt adbaeea}}
}

 @misc{turich2016ape,
   title = {{WMT16} {APE} Shared Task Data},
   author = {Turchi, Marco and Chatterjee, Rajen and Negri, Matteo},
   url = {http://hdl.handle.net/11372/LRT-1632},
   note = {{LINDAT}/{CLARIN} digital library at the Institute of Formal and Applied Linguistics, Charles University in Prague},
   copyright = {{AGREEMENT} {ON} {THE} {USE} {OF} {DATA} {IN} {QT21} {APE} Task},
   year = {2016}
 }
 
 @InProceedings{libovicky2016cuni,
  author    = {Libovick\'{y}, Jind\v{r}ich  and  Helcl, Jind\v{r}ich  and  Tlust\'{y}, Marek  and  Bojar, Ond\v{r}ej  and  Pecina, Pavel},
  title     = {{CUNI} System for {WMT16} Automatic Post-Editing and Multimodal Translation Tasks},
  booktitle = {Proceedings of the First Conference on Machine Translation},
  month     = {August},
  year      = {2016},
  address   = {Berlin, Germany},
  publisher = {Association for Computational Linguistics},
  pages     = {646--654},
  url       = {http://www.aclweb.org/anthology/W/W16/W16-2361}
}

@inproceedings{bojar2016findings,
  booktitle = {Proceedings of the First Conference on Machine Translation ({WMT}). Volume 2: Shared Task Papers},
  title = {Findings of the 2016 Conference on Machine Translation ({WMT}16)},
  author = {Ond{\v{r}}ej Bojar and Rajen Chatterjee and Christian Federmann and Yvette Graham and Barry Haddow and Matthias Huck and Antonio Yepes and Philipp Koehn and Varvara Logacheva and Christof Monz and Matteo Negri and Aurelie N{\'{e}}v{\'{e}}ol and Mariana Neves and Martin Popel and Matt Post and Raphael Rubino and Carolina Scarton and Lucia Specia and Marco Turchi and Karin Verspoor and Marcos Zampieri},
  year = {2016},
  publisher = {Association for Computational Linguistics},
  organization = {Association for Computational Linguistics},
  address = {Stroudsburg, {PA}, {USA}},
  venue = {Humboldt University},
  volume = {2},
  pages = {131--198},
  isbn = {978-1-945626-10-4},
}
